@book {KurowickaCooke2006,
        author = {Kurowicka, D. and Cooke, R.},
         title = {Uncertainty Analysis with High Dimensional Dependence Modelling},
        series = {Wiley series in probability and statistics},
     publisher = {John Wiley \& Sons},
          year = {2006},
         pages = {302}
}

@book {DitlevsenMadsen2005,
        author = {Ditlevsen,  O. and Madsen, H. O.},
         title = {Structural Reliability Methods},
     publisher = {John Wiley \& Sons},
          year = {2005}
}

@article {DerKiureghianLiu1986a,
        author = {Der Kiureghian, A. and Liu, P. L.},
         title = {Structural Reliability Under Incomplete Probabilistic Information},
       journal = {Journal of Engineering Mechanics},
        volume = {112},
          year = {1986},
        number = {1},
         pages = {85--104}
}

@article {DerKiureghianLiu1986b,
        author = {Der Kiureghian, A. and Liu P. L.},
         title = {Multivariate distribution models with prescribed marginals and covariances},
       journal = {Probabilistic Engineering Mechanics},
        volume = {1},
          year = {1986},
        number = {2},
         pages = {105--112}
}

@conference {DutfoyAll2007,
        author = {Dutfoy, A. and Lebrun, R. and others},
         title = {Open TURNS, an Open source initiative to Treat Uncertainties, Risks'N Statistics in a structured industrial approach},
  organization = {ESREL},
     booktitle = {Proceedings of the European Safety and Reliability Conference 2007},
     publisher = {ASME Press},
         month = {June},
          year = {2007}
}

@inbook{EmbrechtsAll2003,
        author = {Embrechts, P. and Lindskog, F. and Mcneil, A.},
     booktitle = {Handbook of Heavy Tailed Distributions in Finance},
         pages = {329--384},
         title = {Modelling dependence with copulas and applications to risk management},
     publisher = {North Holland},
          year = {2003}
}

@article {HasoferLind1974,
        author = {Hasofer, A. M. and Lind, N. C.},
         title = {An exact and invariant first order reliability format},
       journal = {Journal of Engineering Mechanics},
        volume = {100},
          year = {1974},
        number = {},
         pages = {111--121}
}

@book{Higham2002,
        author = {Higham, N. J.},
       edition = {2nd},
     publisher = {SIAM: Society for Industrial and Applied Mathematics},
         title = {Accuracy and Stability of Numerical Algorithms},
          year = {2002}
}

@book {Joe1997,
        author = {Joe, H.},
         title = {Multivariate models and dependence concepts},
        series = {},
     publisher = {Chapman \& Hall},
          year = {1997}
}

@article {Nataf1962,
        author = {Nataf, A.},
         title = {D\'etermination des distributions de probabilit\'es dont les marges sont donn\'ees},
       journal = {Comptes Rendus de l'Acad\'emie des Sciences},
        volume = {A 225},
          year = {1962},
        number = {},
         pages = {42--43}
}

@book {Nelsen2006,
        author = {Nelsen, R. B.},
         title = {An Introduction to Copulas},
        series = {Springer Series in Statistics},
     publisher = {Springer-Verlag New York Inc.},
       edition = {2nd},
          year = {2006}
}

@article {Breitung1984,
        author = {Breitung, K.},
         title = {Asymptotic Approximation for multinormal Integrals},
       journal = {Journal of Engineering Mechanics},
        volume = {110},
          year = {1984},
        number = {3},
         pages = {357--366}
}

@book{Breitung1994,
        author = {Breitung, K.},
         title = {Asymptotic Approximations for Probability Integrals},
        series = {Lecture Notes in Mathematics},
     publisher = {Springer-Verlag Berlin Inc.},
       edition = {1rst},
          year = {1994}
}

@book{KotzAll1987,
        author = {Kotz, K.T. and Fang, S. and Ng, K.W.},
     publisher = {Chapman \& Hall},
         title = {Symmetric multivariate and related distributions},
          year = {1987}
}

@book{KotzNadarajah2000,
        author = {Kotz, S. and Nadarajah, S.},
     publisher = {Imperial College Press},
         title = {Extrem Value Distributions Theory and Applications},
          year = {2000}
}

@conference {Lebrun2004,
        author = {Lebrun, R.},
         title = {Modelling dependence with copulas in reliability analysis, a new approach to the FORM and SORM methods},
  organization = {PSAM},
     booktitle = {Proceedings of PSAM'8},
     publisher = {ASME Press},
         month = {June},
          year = {2004}
}

@conference {DutfoyLebrun2007,
        author = {Dutfoy, A. and Lebrun, R.},
         title = {Modélisation de la dépendance stochastique par la théorie des copules : une généralisation de la transformation de Nataf},
  organization = {CFM: Congrès Français de Mécanique},
         month = {Août},
          year = {2007}
}

@article{DutfoyLebrun2009b,
        author = {Dutfoy, A. and Lebrun, R.},
         title = {An innovating analysis of the Nataf transformation from the copula viewpoint},
       journal = {Probabilistic Engineering Mechanics},
        number = {3},
         pages = {312--320},
        volume = {24},
          year = {2009}
}

@article {DutfoyLebrun2009c,
        author = {Dutfoy, A. and Lebrun, R.},
         title = {A generalization of the Nataf transformation to distributions with elliptical copula},
       journal = {Probabilistic Engineering Mechanics},
        volume = {24},
          year = {2009},
        number = {},
         pages = {172--178}
}

@article {DutfoyLebrun,
        author = {Dutfoy, A. and Lebrun, R.},
         title = {Which copulas for order statistics with prescribed marginal distributions?},
       journal = {Journal of Multivariate Analysis},
        volume = {Submitted},
          year = {},
        number = {},
         pages = {}
}

@article {Lebrun2012,
        author = {Lebrun, R.},
         title = {Efficient time/space algorithm to compute rectangular probabilities of multinomial, multivariate hypergeometric and multivariate P\'olya distributions},
       journal = {Statistics and Computing},
        volume = {},
          year = {2012},
        number = {},
         pages = {}
}

@article{DutfoyLebrun2009a,
        author = {Dutfoy, A. and Lebrun, R.},
       journal = {Proceedings of the Institution of Mechanical Engineers, Part O: Journal of Risk and Reliability},
        number = {4},
         pages = {347--361},
         title = {Practical approach to dependence modelling using copulas},
        volume = {223},
          year = {2009}
}

@article{DutfoyLebrun2009d,
        author = {Dutfoy, A. and Lebrun, R.},
         title = {Do Rosenblatt and Nataf isoprobabilistic transformations really differ?},
       journal = {Probabilistic Engineering Mechanics},
        number = {4},
         pages = {577--584},
        volume = {24},
          year = {2009}
}

@inproceedings{LindskogAll2003,
        author = {Lindskog, F. and Mcneil, A. and Schmock, U.},
         title = {Kendall s tau for elliptical distributions. In},
     booktitle = {Credit Risk: Measurement, Evaluation and Management, Physica-Verlag},
          year = {2003},
         pages = {149--156},
     publisher = {Physica}
}

@online{OpenTURNS,
        author = {OpenTURNS},
         title = {Open source plateform for the Treatment of Uncertainties, Risk's aNd Statistics},
           url = {http://www.openturns.org}
}


@article{Rosenblatt1952,
        author = {Rosenblatt, M.},
       journal = {The Annals of Mathematical Statistics},
        number = {3},
         pages = {470--472},
         title = {Remarks on a Multivariate Transformation},
        volume = {23},
          year = {1952}
}

@techreport{RTCA1996,
        author = {RTCA, Committee SC-117},
        number = {DO-233},
         title = {Portable Electronic Devices Carried Onboard Aircraft},
   institution = {RTCA},
          year = {1996},
         month = {August}
}

@inproceedings{Tvedt1988,
        author = {Tvedt, L.},
         title = {Second order reliability by an exact integral},
     booktitle = {Proceedings of the IFIP Working Conference reliability and optimization of Structural Systems},
          year = {1988},
         pages = {377--384},
     publisher = {Thoft-Christensen}
}

@article{Tvedt1990,
        author = {Tvedt, L.},
       journal = {Structural Safety},
         pages = {143--166},
         title = {Distribution of quadratic forms in normal spaces - application to structural reliability},
        volume = {3},
          year = {1990}
}

@article {ArnoldLynch1982,
        author = {Arnold, S. F. and Lynch, J.},
         title = {On Ali's Characterization of the Spherical Normal Distribution},
       journal = {Journal of Royal Statistical Society},
        volume = {44},
          year = {1982},
        number = {1},
         pages = {49--51}
}

@article{Dolinsky1983,
        author = {Dolinsky, K.},
       journal = {Structural Safety},
         pages = {211--231},
         title = {First-Order Second-Moment Approximation in Reliability of Structural Systems : Critical Review and Alternative Approach},
        volume = {1},
          year = {1983}
}

@online{AbateWhitt1991,
        author = {Abate, J. and Whitt, W.},
         title = {The Fourier-Series Method For Inverting Transforms Of Probability Distributions},
          year = {1991}
}

@article{BerryAll1995,
        author = {Berry, K. J. and Mielke, P. W. Jr.},
       journal = {Educational and Psychological Measurement},
        number = {5},
         pages = {769--772},
         title = {Exact cumulative probabilities fort the multinomial distribution},
        volume = {55},
          year = {1995}
}

@article{ButlerSutton1998,
        author = {Butler, R. W. and Sutton, R. K.},
         title = {Saddlepoint Approximation for Multivariate Cumulative Distribution Functions and Probability Computations in Sampling Theory and Outlier Testing},
       journal = {Journal of the American Statistical Association},
        volume = {93},
        number = {442},
         pages = {596--604},
          year = {1998}
}

@article{ChildsBalakrishnan2000,
        author = {Childs, A. and Balakrishnan, N.},
         title = {Some approximations to the multivariate hypergeometric distribution with applications to hypothesis testing},
       journal = {Computational Statistics \& Data Analysis},
        volume = {35},
        number = {2},
         pages = {137--154},
          year = {2000}
}

@article {Corrado2011,
        author = {Corrado, C.},
         title = {The exact distribution of the maximum, minimum and the range of Multinomial/Dirichlet and Multivariate Hypergeometric frequencies},
       journal = {Statistics and Computing},
     publisher = {Springer Netherlands},
         pages = {349--359},
        volume = {21},
         issue = {3},
          year = {2011}
}

@article{DidonatoMorris1986,
        author = {DiDonato, A. R. and Morris, A. H. Jr.},
         title = {Computation of the incomplete gamma function ratios and their inverse},
       journal = {ACM Trans. Math. Softw.},
        volume = {12},
        number = {4},
          year = {1986},
         pages = {377--393},
     publisher = {ACM},
}

@article{Frey2009,
        author = {Frey, J.},
         title = {An algorithm for computing rectangular multinomial probabilities},
       journal = {Journal of Statistical Computation and Simulation},
        volume = {79},
        number = {12},
         pages = {1483--1489},
          year = {2009}
}

@article{GenestNeslehova2007,
        author = {Genest, C. and Neslehova, J.},
         title = {A Primer on Copulas for Count Data},
       journal = {ASTIN Bulletin},
        volume = {37},
        number = {2},
         pages = {475--515},
          year = {2007}
}

@article{Good1957,
        author = {Good, I. J.},
         title = {Saddle-point methods for the multinomial distribution},
       journal = {Annals of Mathematical Statistics},
        volume = {28},
        number = {4},
         pages = {861--881},
          year = {1957}
}

@article{Good1961a,
        author = {Good, I. J.},
         title = {Corrections Notes: Corrections to "Saddle-point methods for the multinomial distribution"},
       journal = {Annals of Mathematical Statistics},
        volume = {32},
        number = {2},
         pages = {619},
          year = {1961}
}

@article{Good1961b,
        author = {Good, I. J.},
         title = {The Multivariate Saddlepoint Method and Chi-Squared for the Multinomial Distribution},
       journal = {Annals of Mathematical Statistics},
        volume = {32},
        number = {2},
         pages = {535--548},
          year = {1961}
}

@article{Johnson1960,
        author = {Johnson, N. L.},
         title = {An approximation to the multinomial distribution some properties and applications},
        volume = {47},
        number = {1-2},
         pages = {93--102},
          year = {1960},
       journal = {Biometrika}
}

@book{Kallenberg2002,
        author = {Kallenberg, Olav},
         title = {Foundations of modern probability},
        series = {Probability and its Applications (New York)},
       edition = {Second},
     publisher = {Springer-Verlag},
       ADDRESS = {New York},
          year = 2002,
}

@article{Levin1981,
        author = {Levin, B.},
         title = {A Representation for Multinomial Cumulative Distribution Functions},
        volume = {9},
        number = {5},
         pages = {1123--1126},
          year = {1981},
       journal = {Annals of Statistics}
}

@article{Levin1983,
        author = {Levin, B.},
         title = {On Calculations Involving the Maximum Cell Frequency},
       journal = {Communications in Statistics - Theory and Methods},
        volume = {12},
        number = {11},
         pages = {1299--1327},
          year = {1983}
}

@article{Levin1992,
        author = {Levin, B.},
         title = {In re: "Siobhan's Problem: The Coupon Collector Revisited"},
       journal = {The American Statistician},
        volume = {46},
        number = {1},
         pages = {76},
          year = {1992}
}

@article{Mallows1968,
        author = {Mallows, C. L.},
         title = {An inequality involving multinomial probabilities},
        volume = {55},
        number = {2},
         pages = {422--424},
          year = {1968},
       journal = {Biometrika}
}

@online{Maple,
        author = {Maplesoft},
         title = {Maple computer algebra system},
           url = {http://www.maplesoft.com}
}

@online{Python,
        author = {Python, Software Foundation},
         title = {Python programming language},
           url = {http://www.python.org}
}

@article{Temme1994,
        author = {Temme, N. M.},
         title = {A Set of Algorithms for the Incomplete Gamma Functions},
        volume = {8},
         pages = {291--307},
          year = {1994},
       journal = {Probability in the Engineering and Informational Sciences}
}

@article {PeteletAll2010,
        author = {Petelet, M. and Iooss, B. and Asserin, O. and Loredo, A.},
         title = {Latin hypercube sampling with inequality constraints},
       journal = {AStA Advances in Statistical Analysis},
     publisher = {Springer Berlin / Heidelberg},
         pages = {325--339},
        volume = {94},
         issue = {4},
          year = {2010}
}

@book{Levy2006,
        author = {Levy, H.},
         title = {Stochastic Dominance: Investment Decision Making Under Uncertainty},
        series = {Studies in Risk And Uncertainty},
          year = {2006},
     publisher = {Springer}
}

@article {Ruschendorf2009,
        author = {R{\"u}schendorf, L.},
         title = {On the distributional transform, {S}klar's Theorem, and the empirical copula process},
       journal = {Journal of Statistical Planning and Inference},
     publisher = {Springer Berlin / Heidelberg},
         pages = {3921--3927},
        volume = {139},
          year = {2009}
}

@article {Scarsini1984,
        author = {Scarsini, M.},
         title = {On measures of concordance},
       journal = {Stochastica},
     publisher = {Springer Berlin / Heidelberg},
         pages = {201--218},
        volume = {8},
          year = {1984}
}

@book{Goyet1998,
        author = {Goyet, J.},
         title = {S\'ecurit\'e probabiliste des structures - Fiabilit\'e d'un \'el\'ement de structure},
          year = {1998},
     publisher = {Collège de Polytechnique}
}

@book{Lemaire2005,
        author = {Lemaire, M.},
         title = {Fiabilit\'e des structures},
          year = {2005},
     publisher = {Hermes}
}

@book{ReissThomas2007,
        author = {Reiss, R.D. and Thomas, M.},
         title = {Statistical Analysis of Extreme Values},
          isbn = {9783764373993},
          lccn = {2007924804},
          year = {2007},
     publisher = {Birkh{\"a}user}
}

@book{ArnoldAll2008,
        author = {Arnold, B.C. and Balakrishnan, N. and Nagaraja, H.N. and Nagaraja, H.N.},
         title = {A First Course in Order Statistics},
          isbn = {9780898716481},
          lccn = {2008061100},
        series = {Classics in Applied Mathematics},
          year = {2008},
     publisher = {Siam}
}

@book{DavidNagaraja2003,
        author = {David, H.A. and Nagaraja, H.N.},
         title = {Order Statistics},
          isbn = {9780471389262},
          lccn = {2003050174},
        series = {Wiley series in probability and mathematical statistics. Probability and mathematical statistics},
          year = {2003},
     publisher = {John Wiley}
}

@article{NavarroSpizzichino2010,
        author = {Navarro, J. and Spizzichino, F.},
         title = {On the relationships between copulas of order statistics and marginal distributions},
       journal = {Statistics \& Probability Letters},
        volume = {80},
        number = {5--6},
         pages = {473--479},
          year = {2010},
          note = {},
          issn = {0167-7152}
}

@article{JaworskiRychlik2008,
        author = {Jaworski, P. and Rychlik, T.},
         title = {On distributions of order statistics for absolutely continuous copulas with applications to reliability},
       journal = {Kybernetika},
        volume = {44},
        number = {6},
         pages = {757--776},
          year = {2008}
}

@article{AverousAll2005,
        author = {Av{\'e}rous, J. and Genest, C. and Kochar, S. C.},
         title = {On the dependence structure of order statistics},
       journal = {J. Multivar. Anal.},
    issue_date = {May 2005},
        volume = {94},
        number = {1},
         month = may,
          year = {2005},
          issn = {0047-259X},
         pages = {159--171},
      numpages = {13},
         acmid = {1081665},
     publisher = {Academic Press, Inc.},
       address = {Orlando, FL, USA},
      keywords = {Kendall's tau, Spearman's rho, concordance ordering, dispersive ordering, exponential distribution, monotone regression dependence, stochastic increasingness},
}

@article{BapatBeg1989,
        author = {Bapat, R. B. and Beg, M. I.},
         title = {Order Statistics for Nonidentically Distributed Variables and Permanents},
       journal = {Sankhy$\bar{a}$:The Indian Journal of Statistics, Serie A (1961-2002},
    issue_date = {February 1989},
        volume = {51},
        number = {1},
         month = {February},
          year = {1989},
         pages = {79--93},
     publisher = {Springer},
}

@incollection{CharpentierAll2007,
        author = {Charpentier, A. and Fermanian, J.-D. and Scaillet, O.},
         title = {{The Estimation of Copulas: Theory and Practice}},
     booktitle = {Copulas: From theory to application in finance},
        editor = {J. Rank},
     publisher = {Risk Books},
         pages = {35--62},
          year = {2007}
 }

@article{FrahmAll2005,
        author = {Frahm, G. and Junker, M. and Schmidt, R.},
         title = {Estimating the tail-dependence coefficient: Properties and pitfalls},
       journal = {Insurance: Mathematics and Economics},
        volume = {37},
        number = {1},
         pages = {80--100},
          year = {2005},
}

@techreport{SchmidtStadtmuller2004,
        author = {Schmidt, R. and Stadtm{\"u}ller, U.},
         title = {Nonparametric estimation of tail dependence},
   institution = {University of Cologne},
          year = {2004},
}

@article {Sklar1959,
    author = {Sklar, M. },
     title = {Fonctions de r\'epartition \`a $n$ dimensions et leurs marges},
   journal = {Publication de l'Institut Statistique Universitaire Paris},
      year = {1959},
    volume = {8},
     pages = {229--231}
}

@article {SchweizerWolff1981,
    author = {Schweizer, B. and Wolff, E.F.},
     title = {On Nonparametric Measures of Dependence for Random Variables},
   journal = {The Annals of Statistics},
      year = {1981},
     month = {July},
    volume = {9},
    number = {4},
     pages = {879--885}
}

@article {Ma1999,
    author = {Ma, C.},
     title = {Representations, bounds and approximations for tail probabilities of multivariate non-central hypergeometric and negative hypergeometric distributions},
   journal = {Journal of Statistical Computation and Simulation},
      year = {1999},
    volume = {62},
     pages = {237--258}
}

@article {Gayen1951,
    author = {Gayen, A. K.},
     title = {The frequency distribution of the product-moment correlation coefficient in random samples of any size drawn from non-normal universes},
   journal = {Biometrika},
      year = {1951},
    volume = {38},
     pages = {219--247}
}

@article {RuschendorffThomsen1994,
    author = {R{\"u}schendorf, L. and Thomsen, W.},
     title = {Note on the Schr{\"o}dinger equation and $I$-projections},
   journal = {Statistics and Probability Letters},
      year = {1994},
    volume = {17},
     pages = {369--375}
}

@article {Strassen1965,
    author = {Strassen, V.},
     title = {Existence of probability measures with given marginals},
   journal = {Annals of Mathematical Statistics},
      year = {1965},
    volume = {36},
     pages = {423--439}
}

@article {ArratiaAll2000,
    author = {Arratia, R. and Barbour, A. D. and Tavar{\'e}, S.},
     title = {Limits of logarithmic combinatorial structures},
   journal = {The Annals of Probability},
      year = {2000},
    volume = {28},
    number = {4},
     pages = {1620--1644}
}

@phdthesis {Dengler2010,
    author = {Dengler, B.},
     title = {On the Asymptotic Behaviour of the Estimator of Kendall's Tau},
    school = {Technische Universit{\"a}t Wien},
      year = {2010}
}

@article {ImanConover1982,
    author = {Iman, R. L. and Conover, W. J.},
     title = {A Distribution-Free Approach to Inducing Rank Order Correlation Among Input Variables},
   journal = {Communication in Statistics -- Simulation and Computation},
      year = {1982},
    volume = {11},
    number = {3},
     pages = {311--334}
}

@conference {DutfoyLebrun2012,
        author = {Dutfoy, A. and Lebrun, R},
         title = {Copulas for order statistics with given marginals},
  organization = {ESREL},
     booktitle = {Proceedings of the European Safety and Reliability Conference 2012},
     publisher = {ASME Press},
         month = {June},
          year = {2012}
}

@ARTICLE{Sancetta2004,
title = {THE BERNSTEIN COPULA AND ITS APPLICATIONS TO MODELING AND APPROXIMATIONS OF MULTIVARIATE DISTRIBUTIONS},
author = {Sancetta, Alessio and Satchell, Stephen},
year = {2004},
journal = {Econometric Theory},
volume = {20},
number = {03},
pages = {535-562},
url = {http://EconPapers.repec.org/RePEc:cup:etheor:v:20:y:2004:i:03:p:535-562_20}
}

@ARTICLE{Csiszar1963,
title = {Eine informationstheoretische Ungleichung und ihre Anwendung auf den Beweis der Egodizit{\"{a}}t von Markoffschen Ketten},
author = {Csisz{\'{a}}r, Imen},
year = {1963},
journal = {Publ. Math. Inst. Hungar. Acad. Sci.},
volume = {8},
pages = {85-107}
}

@unpublished{DaVeiga2013,
  TITLE = {{Global Sensitivity Analysis with Dependence Measures}},
  AUTHOR = {Da Veiga, S{\'e}bastien},
  URL = {https://hal.archives-ouvertes.fr/hal-00903283},
  NOTE = {working paper or preprint},
  YEAR = {2013},
  MONTH = Nov,
  KEYWORDS = {Global Sensitivity Analysis ; Dependence Measures},
  PDF = {https://hal.archives-ouvertes.fr/hal-00903283/file/SensitivityWithIndepMeasures.pdf},
  HAL_ID = {hal-00903283},
  HAL_VERSION = {v1},
}

@article{Sobol2001,
 author = {Sobol\'{a}, I. M.},
 title = {Global Sensitivity Indices for Nonlinear Mathematical Models and Their Monte Carlo Estimates},
 journal = {Math. Comput. Simul.},
 issue_date = {Feb. 15, 2001},
 volume = {55},
 number = {1-3},
 month = feb,
 year = {2001},
 issn = {0378-4754},
 pages = {271--280},
 numpages = {10},
 url = {http://dx.doi.org/10.1016/S0378-4754(00)00270-6},
 doi = {10.1016/S0378-4754(00)00270-6},
 acmid = {373383},
 publisher = {Elsevier Science Publishers B. V.},
 address = {Amsterdam, The Netherlands, The Netherlands},
 keywords = {Monte Carlo method, mathematical modelling, quasi-Monte Carlo method, sensitivity analysis},
} 

@ARTICLE{Borgonovo2016,
title = {Sensitivity analysis: A review of recent advances},
author = {Borgonovo, Emanuele and Plischke, Elmar},
year = {2016},
journal = {European Journal of Operational Research},
volume = {248},
number = {3},
pages = {869-887},
keywords = {Sensitivity analysis; Simulation; Computer experiments;},
url = {http://EconPapers.repec.org/RePEc:eee:ejores:v:248:y:2016:i:3:p:869-887}
}

@phdthesis{Caniou2012,
  TITLE = {{Global sensitivity analysis for nested and multiscale modelling}},
  AUTHOR = {Caniou, Yann},
  URL = {https://tel.archives-ouvertes.fr/tel-00864175},
  NUMBER = {2012CLF22296},
  SCHOOL = {{Universit{\'e} Blaise Pascal - Clermont-Ferrand II}},
  YEAR = {2012},
  MONTH = Nov,
  KEYWORDS = {Global sensitivity analysis ; Copula theory ; Graph theory ; Nested modelling ; Multiscale modelling ; Analyse de sensibilit{\'e} globale ; Corr{\'e}lation ; Th{\'e}orie des copules ; Th{\'e}orie des graphes ; Mod{\'e}lisation imbriqu{\'e}e ; Mod{\'e}lisation multi{\'e}chelles},
  TYPE = {Theses},
  PDF = {https://tel.archives-ouvertes.fr/tel-00864175/file/Caniou-2012CLF22296.pdf},
  HAL_ID = {tel-00864175},
  HAL_VERSION = {v1},
}