% Copyright (C) 2018 - Michael Baudin

@Book{Bjorck1996,
  author =   {Ake Björck},
  title =    {Numerical Methods for Least Squares Problems},
  publisher =    {Society for Industrial Applied Mathematics},
  year =     {1996},
}

@book{BinghamFry,
  title={Regression, Linear Models in Statistics},
  author={N. H. Bingham and John M. Fry},
  series={Springer Undergraduate Mathematics Series},
  year={2010},
  publisher={Springer}
}

@book{Sen1990,
    author       = "Ashish Sen and Muni Srivastava",
    title        = "Regression analysis",
    year         = "1990",
    publisher    = "Springer",
}

@book{Tarantola2005,
    author       = "Albert Tarantola",
    title        = "Inverse problem theory",
    year         = "2005",
    publisher    = "SIAM",
}

@book{Asch2016,
  title={Data assimilation. Methods, algorithms and applications.},
  author={Asch, Mark and Bocquet, Marc and Nodet, Maëlle},
  year={2016},
  publisher={SIAM}
}

@INPROCEEDINGS{Hansen00thelcurve,
    author = {P. C. Hansen},
    title = {The L-Curve and its Use in the Numerical Treatment of Inverse Problems},
    booktitle = {in Computational Inverse Problems in Electrocardiology, ed. P. Johnston, Advances in Computational Bioengineering},
    year = {2000},
    pages = {119--142},
    publisher = {WIT Press}
}

@book{RasmussenWilliams,
  title={Gaussian Processes for Machine Learning},
  author={C. E. Rasmussen and C. K. I. Williams},
  year={2006},
  publisher={The MIT Press}
}

@book{mueller2012linear,
  title={Linear and nonlinear inverse problems with practical applications},
  author={Mueller, Jennifer L and Siltanen, Samuli},
  year={2012},
  publisher={SIAM}
}


