@misc{POLLOCK,
author = {D. Stephen G. Pollock},
title = {{EC3062 B.Sc} {Econometric Theory (University of Leicester), Regression Analysis}},
note = {\url{https://www.le.ac.uk/users/dsgp1/COURSES/THIRDMET/MYLECTURES/2MULTIREG.pdf}}
}


@Book{Hansen2013,
  author =   {P. C. Hansen, V. Pereyra and G. Scherer},
  title =    {Least Squares Data Fitting with Applications},
  publisher =    {Johns Hopkins University Press},
  year =     {2013},
}

@book{huet2004statistical,
  title={Statistical Tools for Nonlinear Regression: A Practical Guide with S-PLUS and R Examples},
  author={Huet, S. and Bouvier, A. and Poursat, M.A. and Jolivet, E.},
  isbn={9780387400815},
  lccn={20050498},
  series={Springer Series in Statistics},
  url={https://books.google.fr/books?id=CbIdG98trHgC},
  year={2004},
  publisher={Springer}
}



@book{LemaitreChaboche2002,
  title={Mechanics of solid materials},
  author={J. Lemaitre and J. L. Chaboche},
  year={2002},
  publisher={Cambridge University Press}
}


@misc{Zou2006,
author = {Zou, Lanjun and Gao, Wei, Wu and Tongwen and Xu, Xiaofeng and 
Du, Bingyu and Slusser, James},
title = {A {3DVAR} Land Data Assimilation 
Scheme: Part I, Mathematical Design},
note = {Remote sensing and Modeling Ecosystems for 
Sustainability III. Proc. of SPIE. 
Vol. 6298},
year = {2006}
}

@techreport{Mandel2006,
author = {Mandel, Jan},
title = {Efficient implementation of the ensemble {Kalman} filter},
year = {2006}, 
institution = {University of Colorado at Denver and Health Sciences Center}
}

@Book{Allaire2008,
  author =   {Allaire, Grégoire and Kaber, Sidi Mahmoud},
  title =    {Numerical Linear Algebra},
  publisher =    {Springer},
  year =     {1996},
}

@misc{cminpack2007,
  title={C/C++ Minpack},
  author={Devernay, Fr{\'e}d{\'e}ric},
  year={2007},
  howpublished = "\url{http://devernay.free.fr/hacks/cminpack/}",
}

@Book{Moler2004,
  author =   {Cleve Moler},
  title =    {Numerical Computing With {M}atlab},
  publisher =    {Society for Industrial Applied Mathematics},
  year =     {2004},
}

@article{Levenberg1944,
author = {Kenneth Levenberg},
year = {1944},
title = {A Method for the Solution of Certain Non-Linear Problems in Least Squares},
journal = {Quarterly of Applied Mathematics}, 
volume = 2,
number = 2,
pages = {164--168}
}

@article{Marquardt1963,
author = {Donald Marquardt},
year = {1963},
title = {An Algorithm for Least-Squares Estimation of Nonlinear Parameters},
journal = {SIAM Journal on Applied Mathematics}, 
volume = 11,
number = 2,
pages = {431–-441}
}

@misc{More1977,
author = {Jorge Moré},
year = {1977},
title = {The Levenberg-Marquardt algorithm. Implementation and theory},
publisher = {Conference: Conference on numerical analysis, Dundee, UK, 28 Jun 1977}
}

@Book{NoceWrig06,
  Title                    = {Numerical Optimization},
  Author                   = {Jorge Nocedal and Stephen J. Wright},
  Publisher                = {Springer},
  Year                     = {2006},

  Address                  = {New York, NY, USA},
  Edition                  = {second}
}

@Book{Higham2002,
  author =   { Nicholas J. Higham},
  title =    { Accuracy and Stability of Numerical Algorithms, Second Edition},
  publisher =    {Society for Industrial Applied Mathematics},
  year =     {2002},
}

@book{Quarteroni2000,
title={Numerical Mathematics}, 
author = {Alfio Quarteroni and Riccardo Sacco and Fausto Saleri}, 
publisher={Springer}, 
year={2000}
}

@article{trucano2006calibration,
  title={Calibration, validation, and sensitivity analysis: What's what},
  author={Trucano, Timothy G and Swiler, Laura Painton and Igusa, Takera and Oberkampf, William L and Pilch, Martin},
  journal={Reliability Engineering \& System Safety},
  volume={91},
  number={10-11},
  pages={1331--1357},
  year={2006},
  publisher={Elsevier}
}


@book{Evensen2009,
title = {Data Assimilation - The Ensemble {Kalman} Filter},
author = {Geir Evensen},
year = {2009},
publisher = {SIAM}
}

@misc{Mirouze2020,
    author       = "Isabelle Mirouze and Sophie Ricci",
    title        = "SMURF: System for Modelling with Uncertainty Reduction, and Forecasting",
    year         = "2020",
    url          = "https://gitlab.com/cerfacs/Smurf",
}


@book{Saporta2006,
    author       = "Gilbert Saporta",
    title        = "Probabilités, analyse des données et statistiques",
    year         = "2006",
    publisher    = "Editions Technip",
}

@book{Greene2012,
    author       = "William H. Greene",
    title        = "Econometric analysis, 7th edition",
    year         = "2012",
    publisher    = "Pearson",
}

@book{Delmas2009,
    author       = "Jean-François Delmas",
    title        = "Introduction au calcul des probabilités et à la statistique",
    year         = "2009",
    publisher    = "ENSTA",
}

@book{Antoniadis1992,
    author       = "Anestis Antoniadis and Jacques Berruyer and René Carmona",
    title        = "Regression non linéaire et applications",
    year         = "1992",
    publisher    = "Economica. Collection economie et statistiques avancées",
}


@book{Draper1988,
    author       = "Norman R. Draper and Harry Smith",
    title        = "Applied Regression Analysis, Third Edition",
    year         = "1988",
    publisher    = "John Wiley \& Sons, Inc.",
}


@book{Ang1975,
    author       = "Alfredo H-S. Ang and Wilson H. Tang",
    title        = "Probability concepts in engineering planning and design",
    year         = "1975",
    publisher    = "Wiley",
}

@book{Strutz2016,
    author       = "Tilo Strutz",
    title        = "Data fitting and uncertainty, 2nd Edition.",
    year         = "2016",
    publisher    = "Springer",
}
@Book{Strang2009,
  author =   {Gilbert Strang},
  title =    {Introduction to Linear Algebra},
  publisher =    {Wellesley - Cambridge Press},
  year =     {2009},
}

@techreport{Damblin2018,
author = {Guillaume Damblin},
title = {Calage statistique des paramètres d'un modèle physique de condensation en
thermohydraulique à l'échelle système.},
year = {2018}, 
institution = {DEN/DANS/DM2S/STMF/LGLS/NT/2018-63096/AA}, 
}

@Book{Athreya2006,
  author =   {Krishna B. Athreya and Soumendra N. Lahiri},
  title =    {Measure Theory and Probability Theory},
  publisher =    {Springer},
  year =     {2006},
}

@Book{Bartle2000,
  author =   {Bartle and Sherbert},
  title =    {Introduction to real analysis, 3d Edition},
  publisher =    {John Wiley \& Sons},
  year =     {2000},
}

@Book{Wasserman2006,
  author =    {Larry Wasserman},
  title =     {All of nonparametric statistics},
  publisher = {Springer},
  year =      {2006},
}

@Book{Rao1973,
  author =    {C.R. Rao},
  title =     {Linear statistical inference and its applications},
  publisher = {New York: Wiley},
  year =      {1973},
}

@article{Tibshirani1996,
author = {Robert Tibshirani},
year = {1996},
title = {Regression shrinkage and selection via the lasso},
journal = {Journal of the Royal Statistical Society. Series B.}, 
volume = 58,
number = 1,
pages = {267-288}
}

